<record><leader>00000cas a2200000 a 4500</leader><controlfield tag="001">12407161</controlfield><controlfield tag="008">850821d18771882ksuwr ne      0    0eng d</controlfield><datafield ind1=" " ind2=" " tag="010"><subfield code="a">sn 85031799 </subfield></datafield><datafield ind1=" " ind2=" " tag="040"><subfield code="a">KSH</subfield><subfield code="b">eng</subfield><subfield code="c">KSH</subfield><subfield code="d">NPT</subfield><subfield code="d">OCL</subfield><subfield code="d">OCLCQ</subfield></datafield><datafield ind1=" " ind2=" " tag="042"><subfield code="a">msc</subfield></datafield><datafield ind1="0" ind2=" " tag="130"><subfield code="a">Weekly bulletin (Lyons, Kan.)</subfield></datafield><datafield ind1="1" ind2="4" tag="245"><subfield code="a">The weekly bulletin.</subfield></datafield><datafield ind1="3" ind2="0" tag="246"><subfield code="a">Rice County bulletin</subfield></datafield><datafield ind1=" " ind2=" " tag="260"><subfield code="a">Lyons, Kan. :</subfield><subfield code="b">Bulletin Print. Co.,</subfield><subfield code="c">-1882.</subfield></datafield><datafield ind1=" " ind2=" " tag="300"><subfield code="a">v. ;</subfield><subfield code="c">59 cm.</subfield></datafield><datafield ind1=" " ind2=" " tag="310"><subfield code="a">Weekly</subfield></datafield><datafield ind1="0" ind2=" " tag="362"><subfield code="a">-v. 1, no. 52 (May 16, 1878) ; v. 2, no. 1 (May 23, 1878)-v. 5, no. 52 (May 11, 1882) = whole no. 53-no. 260.</subfield></datafield><datafield ind1="1" ind2=" " tag="362"><subfield code="a">Began in May 1877.</subfield></datafield><datafield ind1=" " ind2=" " tag="500"><subfield code="a">Published at Sterling, Kan., Nov. 1, 1877-May 11, 1882.</subfield></datafield><datafield ind1=" " ind2=" " tag="500"><subfield code="a">Publisher's box has: Rice County bulletin, &lt;May 24, 1877&gt;-Aug. 14, 1879.</subfield></datafield><datafield ind1=" " ind2=" " tag="500"><subfield code="a">Published by Chas. D. Ulmer, Apr. 11, 1878-May 11, 1882.</subfield></datafield><datafield ind1=" " ind2=" " tag="500"><subfield code="a">"Republican."</subfield></datafield><datafield ind1=" " ind2=" " tag="525"><subfield code="a">Supplements included.</subfield></datafield><datafield ind1=" " ind2=" " tag="588"><subfield code="a">Description based on: Vol. 1, no. 2 (May 24, 1877).</subfield></datafield><datafield ind1=" " ind2=" " tag="752"><subfield code="a">United States</subfield><subfield code="b">Kansas</subfield><subfield code="c">Rice</subfield><subfield code="d">Sterling.</subfield></datafield><datafield ind1=" " ind2=" " tag="752"><subfield code="a">United States</subfield><subfield code="b">Kansas</subfield><subfield code="c">Rice</subfield><subfield code="d">Lyons.</subfield></datafield><datafield ind1="0" ind2="0" tag="785"><subfield code="t">Sterling bulletin</subfield><subfield code="w">(DLC)sn 85031814</subfield></datafield><datafield ind1="1" ind2=" " tag="029"><subfield code="a">AU@</subfield><subfield code="b">000022173253</subfield></datafield></record>